<record><leader>00000cas a22000007a 4500</leader><controlfield tag="001">48694473</controlfield><controlfield tag="008">020104d19381953vauwr ne      0    0eng d</controlfield><datafield ind1=" " ind2=" " tag="010"><subfield code="a">sn 00064735 </subfield></datafield><datafield ind1=" " ind2=" " tag="040"><subfield code="a">NVK</subfield><subfield code="b">eng</subfield><subfield code="c">NVK</subfield><subfield code="d">OCLCF</subfield><subfield code="d">OCLCO</subfield></datafield><datafield ind1="1" ind2=" " tag="029"><subfield code="a">AU@</subfield><subfield code="b">000023291232</subfield></datafield><datafield ind1=" " ind2=" " tag="042"><subfield code="a">msc</subfield></datafield><datafield ind1="0" ind2=" " tag="130"><subfield code="a">Observer (Stuart, Va.)</subfield></datafield><datafield ind1="0" ind2="4" tag="245"><subfield code="a">The Observer.</subfield></datafield><datafield ind1=" " ind2=" " tag="260"><subfield code="a">Stuart, Va. :</subfield><subfield code="b">James W. Price,</subfield><subfield code="c">1938-1953.</subfield></datafield><datafield ind1=" " ind2=" " tag="300"><subfield code="a">v.</subfield></datafield><datafield ind1=" " ind2=" " tag="310"><subfield code="a">Weekly</subfield></datafield><datafield ind1="0" ind2=" " tag="362"><subfield code="a">Vol. 1, no. 1 (June 14, 1950)-v. 4, no. 9 (Aug. 26, 1953).</subfield></datafield><datafield ind1=" " ind2=" " tag="500"><subfield code="a">"A little nonsense, a little news, a lot of sports."</subfield></datafield><datafield ind1=" " ind2="0" tag="651"><subfield code="a">Stuart (Va.)</subfield><subfield code="v">Newspapers.</subfield></datafield><datafield ind1=" " ind2="0" tag="651"><subfield code="a">Patrick County (Va.)</subfield><subfield code="v">Newspapers.</subfield></datafield><datafield ind1=" " ind2="7" tag="655"><subfield code="a">Newspapers.</subfield><subfield code="2">fast</subfield><subfield code="0">(OCoLC)fst01423814</subfield></datafield><datafield ind1=" " ind2="7" tag="651"><subfield code="a">Virginia</subfield><subfield code="z">Patrick County.</subfield><subfield code="2">fast</subfield><subfield code="0">(OCoLC)fst01222304</subfield></datafield><datafield ind1=" " ind2="7" tag="651"><subfield code="a">Virginia</subfield><subfield code="z">Stuart.</subfield><subfield code="2">fast</subfield><subfield code="0">(OCoLC)fst01222437</subfield></datafield><datafield ind1=" " ind2=" " tag="752"><subfield code="a">United States</subfield><subfield code="b">Virginia</subfield><subfield code="c">Patrick</subfield><subfield code="d">Stuart.</subfield></datafield><datafield ind1="0" ind2="4" tag="785"><subfield code="t">Enterprise (Stuart, Va.)</subfield><subfield code="w">(DLC)sn 9706609</subfield></datafield></record>